@ARTICLE{DaviesPittShapiroWatson2005,
  author = {Mark Davies and Leyland Pitt and Daniel Shapiro and Richard Watson},
  title = {Betfair.com: Five Technology Forces Revolutionize Worldwide Wagering},
  journal = {European Management Journal},
  year = {2005},
  volume = {23},
  pages = {533-541},
  owner = {fmaf},
  timestamp = {2012.07.09}
}

@ARTICLE{laffey2005,
  author = {Des Laffey},
  title = {Entrepreneurship and Innovation in the UK Betting Industry: The Rise of Person-to-Person Betting},
  journal = {European Management Journal},
  year = {2005},
  volume = {23},
  pages = {351-359},
  owner = {fmaf},
  timestamp = {2012.07.09}
}

